@inproceedings{Rabkin:2008:PKQ:1408664.1408667,
 author = {Rabkin, Ariel},
 title = {Personal knowledge questions for fallback authentication: security questions in the era of Facebook},
 booktitle = {Proceedings of the 4th symposium on Usable privacy and security},
 series = {SOUPS '08},
 year = {2008},
 isbn = {978-1-60558-276-4},
 location = {Pittsburgh, Pennsylvania},
 pages = {13--23},
 numpages = {11},
 url = {http://doi.acm.org/10.1145/1408664.1408667},
 doi = {10.1145/1408664.1408667},
 acmid = {1408667},
 publisher = {ACM},
 address = {New York, NY, USA},
 keywords = {authentication, questions, security},
}

@inproceedings{Just:2009:PCC:1572532.1572543,
 author = {Just, Mike and Aspinall, David},
 title = {Personal choice and challenge questions: a security and usability assessment},
 booktitle = {Proceedings of the 5th Symposium on Usable Privacy and Security},
 series = {SOUPS '09},
 year = {2009},
 isbn = {978-1-60558-736-3},
 location = {Mountain View, California},
 pages = {8:1--8:11},
 articleno = {8},
 numpages = {11},
 url = {http://doi.acm.org/10.1145/1572532.1572543},
 doi = {10.1145/1572532.1572543},
 acmid = {1572543},
 publisher = {ACM},
 address = {New York, NY, USA},
 keywords = {authentication, challenge questions, security, usability},
}

@inproceedings{Schechter:2009:NSM:1607723.1608145,
 author = {Schechter, Stuart and Brush, A. J.  Bernheim and Egelman, Serge},
 title = {It's No Secret.  Measuring the Security and Reliability of Authentication via `Secret' Questions},
 booktitle = {Proceedings of the 2009 30th IEEE Symposium on Security and Privacy},
 series = {SP '09},
 year = {2009},
 isbn = {978-0-7695-3633-0},
 pages = {375--390},
 numpages = {16},
 url = {http://dx.doi.org/10.1109/SP.2009.11},
 doi = {10.1109/SP.2009.11},
 acmid = {1608145},
 publisher = {IEEE Computer Society},
 address = {Washington, DC, USA},
 keywords = {Authentication},
}

@inproceedings{Renaud:2010:PQE:2146303.2146318,
 author = {Renaud, Karen and Just, Mike},
 title = {Pictures or questions?: examining user responses to association-based authentication},
 booktitle = {Proceedings of the 24th BCS Interaction Specialist Group Conference},
 series = {BCS '10},
 year = {2010},
 isbn = {978-1-78017-130-2},
 location = {Dundee, United Kingdom},
 pages = {98--107},
 numpages = {10},
 url = {http://dl.acm.org/citation.cfm?id=2146303.2146318},
 acmid = {2146318},
 publisher = {British Computer Society},
 address = {Swinton, UK, UK},
}

@inproceedings{Kaneko,
 author = {兼子 拓弥 and 本部 栄成 and 西垣 正勝},
 title = {ユーザ認証においてユーザが覚えるべき秘密情報のエントロピに関する一考察},
 booktitle = {The 30th Symposium on Cryptography and Information Security (SCIS2013)},
 year = {2013},
}
